@article{Arnold2007,
author = {Arnold, S R and Methven, John and Evans, Mathew J and Chipperfield, M P and Lewis, A C and Hopkins, James R and McQuaid, J B and Watson, Nicola and Purvis, Ruth M and Lee, James D and Atlas, E L and Blake, D R and Rappengl\"{u}ck, B},
doi = {10.1029/2006JD007594},
file = {:D$\backslash$:/UEA/ENV-MB4X\_Dissertation/ENV-MB4X\_Dissertation\_references/Arnold et al.\_2007\_Statistical inference of OH concentrations and air mass dilution rates from successive observations of nonmethane hyd.pdf:pdf},
isbn = {0148-0227},
issn = {01480227},
journal = {Journal of Geophysical Research},
number = {D10S40},
pages = {1--15},
title = {{Statistical inference of OH concentrations and air mass dilution rates from successive observations of nonmethane hydrocarbons in single air masses}},
volume = {112},
year = {2007}
}
@article{Atherton1989,
author = {Atherton, Cynthia S},
doi = {10.1029/GL016i011p01289},
file = {:D$\backslash$:/UEA/ENV-MB4X\_Dissertation/ENV-MB4X\_Dissertation\_references/Atherton\_1989\_Organic nitrates in remote marine environments Evidence for long range transport.pdf:pdf},
isbn = {0094-8276},
issn = {0094-8276},
journal = {Geophysical Research Letters},
number = {11},
pages = {1289--1292},
title = {{Organic nitrates in remote marine environments: Evidence for long range transport}},
volume = {16},
year = {1989}
}
@article{Atlas1993,
author = {Atlas, E L and Pollock, W and Greenberg, J and Heidt, L and Thompson, A M},
doi = {10.1029/93JD01005},
file = {:D$\backslash$:/UEA/ENV-MB4X\_Dissertation/ENV-MB4X\_Dissertation\_references/Atlas et al.\_1993\_Alkyl nitrates, nonmethane hydrocarbons, and halocarbon gases over the equatorial Pacific Ocean during SAGA 3.pdf:pdf},
isbn = {0148-0227},
issn = {0148-0227},
journal = {Journal of Geophysical Research},
keywords = {SAGA 3},
mendeley-tags = {SAGA 3},
number = {D9},
pages = {16933--16947},
title = {{Alkyl nitrates, nonmethane hydrocarbons, and halocarbon gases over the equatorial Pacific Ocean during SAGA 3}},
volume = {98},
year = {1993}
}
@article{Bajzelj2013,
author = {Baj\v{z}elj, Bojana and Allwood, Julian M and Cullen, Jonathan M},
doi = {10.1021/es400399h},
file = {:D$\backslash$:/UEA/ENV-MB4X\_Dissertation/ENV-MB4X\_Dissertation\_references/Baj\v{z}elj, Allwood, Cullen\_2013\_Designing climate change mitigation plans that add up Table S1 Energy conversion to sector.pdf:pdf},
journal = {Environmental Science and Technology},
number = {14},
pages = {8062--8069},
title = {{Designing climate change mitigation plans that add up Table S1 Energy conversion to sector}},
volume = {47},
year = {2013}
}
@article{Ballschmiter2002,
author = {Ballschmiter, Karlheinz},
doi = {10.1126/science.1075470},
file = {:D$\backslash$:/UEA/ENV-MB4X\_Dissertation/ENV-MB4X\_Dissertation\_references/Ballschmiter\_2002\_A marine source for alkyl nitrates.pdf:pdf},
issn = {00368075},
journal = {Science (New York, N.Y.)},
number = {16 August},
pages = {1127--1128},
pmid = {12183612},
title = {{A marine source for alkyl nitrates}},
volume = {297},
year = {2002}
}
@misc{Becker2004,
author = {Becker, Karl Heinz and Barnes, Ian},
booktitle = {Environmental and ecological chemistry},
file = {:D$\backslash$:/UEA/ENV-MB4X\_Dissertation/ENV-MB4X\_Dissertation\_references/Becker, Barnes\_2004\_Troposheric ozone pollution.pdf:pdf},
keywords = {Aldehydes,air pollution,aldehydes,alkanes,alkenes,carbon,carbon dioxide,computer models,emissions,fossil fuels,global scale,hydrocarbons,hydrogen peroxide,hydroxyl radical,methane,monoxide,nitric acid,nitrogen oxides,nitrous acid,ozone,photochemistry,photooxidants,photosmog,troposphere,ultraviolet radiation},
title = {{Troposheric ozone pollution}},
volume = {I},
year = {2004}
}
@article{Bertman1995,
author = {Bertman, Steven B and Roberts, James M and Parrish, David D and Buhr, Martin P and Goldan, Paul D and Kuster, William C and Fehsenfeld, Fred C and Montzka, Stephen A and Westberg, Hal},
doi = {10.1029/95JD02030},
file = {:D$\backslash$:/UEA/ENV-MB4X\_Dissertation/ENV-MB4X\_Dissertation\_references/Bertman et al.\_1995\_Evolution of alkyl nitrates with air mass age.pdf:pdf},
issn = {0148-0227},
journal = {Journal of Geophysical Research},
number = {D11},
pages = {22805--22813},
title = {{Evolution of alkyl nitrates with air mass age}},
volume = {100},
year = {1995}
}
@article{Blake2003,
author = {Blake, Nicola J and Blake, Donald R and Swanson, Aaron L},
doi = {10.1029/2001JD001444},
file = {:D$\backslash$:/UEA/ENV-MB4X\_Dissertation/ENV-MB4X\_Dissertation\_references/Blake, Blake, Swanson\_2003\_Latitudinal, vertical, and seasonal variations of C1-C4 alkyl nitrates in the troposphere over the Pacific Oc.pdf:pdf},
isbn = {0148-0227},
issn = {0148-0227},
journal = {Journal of Geophysical Research},
number = {D2},
pages = {8242},
title = {{Latitudinal, vertical, and seasonal variations of C1-C4 alkyl nitrates in the troposphere over the Pacific Ocean during PEM-Tropics A and B: Oceanic and continental sources}},
volume = {108},
year = {2003}
}
@article{Bloss2005,
author = {Bloss, William J and Evans, Mathew J and Lee, James D and Sommariva, Roberto and Heard, Dwayne E and Pilling, Michael J},
doi = {10.1039/b419090d},
file = {:D$\backslash$:/UEA/ENV-MB4X\_Dissertation/ENV-MB4X\_Dissertation\_references/Bloss et al.\_2005\_The oxidative capacity of the troposphere Coupling of field measurements of OH and a global chemistry transport model.pdf:pdf},
issn = {1359-6640},
journal = {Faraday Discussions},
pages = {425--436},
title = {{The oxidative capacity of the troposphere: Coupling of field measurements of OH and a global chemistry transport model}},
url = {http://xlink.rsc.org/?DOI=b419090d},
volume = {130},
year = {2005}
}
@article{Carter1989,
author = {Carter, William P L and Atkinson, Roger},
file = {:D$\backslash$:/UEA/ENV-MB4X\_Dissertation/ENV-MB4X\_Dissertation\_references/Carter, Atkinson\_1989\_Alkyl Nitrate Formation from the Atmospheric Photooxidation of Alkanes a Revised Estimation Method.pdf:pdf},
journal = {Journal of Atmospheric Chemistry},
keywords = {alkanes,alkyl nitrates,estimation technique,tropospheric modeling},
number = {2},
pages = {165--173},
title = {{Alkyl Nitrate Formation from the Atmospheric Photooxidation of Alkanes; a Revised Estimation Method}},
volume = {8},
year = {1989}
}
@book{Chipperfield2015,
abstract = {The formulation of chemical models is discussed. This article summarizes the component modules of chemical models (gas phase chemistry, heterogeneous chemistry, photolysis, deposition). The chemical continuity equation is described. Trajectory, one-dimensional, two-dimensional, and three-dimensional models are discussed. Example applications in the stratosphere and troposphere are given.},
author = {Chipperfield, M P and Arnold, S R},
booktitle = {Encyclopedia of Atmospheric Sciences},
doi = {10.1016/B978-0-12-382225-3.00249-8},
isbn = {9780123822253},
keywords = {Chemistry,Climate,Deposition,Emissions,Kinetics,Numerical modeling,Ozone,Stratosphere,Troposphere},
pages = {135--143},
publisher = {Elsevier},
title = {{NUMERICAL MODELS | Chemistry Models}},
url = {http://www.sciencedirect.com/science/article/pii/B9780123822253002498},
year = {2015}
}
@article{Clemitshaw1997,
author = {Clemitshaw, Kevin C and Williams, Jonathan and Rattigan, Oliver V and Shallcross, Dudley E and Law, Kathy S and {Anthony Cox}, R},
doi = {10.1016/S1010-6030(96)04458-9},
file = {:D$\backslash$:/UEA/ENV-MB4X\_Dissertation/ENV-MB4X\_Dissertation\_references/Clemitshaw et al.\_1997\_Gas-phase ultraviolet absorption cross-sections and atmospheric lifetimes of several C2C5 alkyl nitrates.pdf:pdf},
isbn = {1010-6030},
issn = {10106030},
journal = {Journal of Photochemistry and Photobiology A: Chemistry},
keywords = {absorption cross-sections,alkyl nitrates,atmospheric lifetimes,no,noy component,reservoir species,v},
number = {2-3},
pages = {117--126},
title = {{Gas-phase ultraviolet absorption cross-sections and atmospheric lifetimes of several C2-C5 alkyl nitrates}},
volume = {102},
year = {1997}
}
@article{Crutzen1973,
author = {Crutzen, Paul},
doi = {10.1007/BF00881092},
file = {:D$\backslash$:/UEA/ENV-MB4X\_Dissertation/ENV-MB4X\_Dissertation\_references/Crutzen\_1973\_A discussion of the chemistry of some minor constituents in the stratosphere and troposphere.pdf:pdf},
isbn = {0033-4553},
issn = {00334553},
journal = {Pure and Applied Geophysics (PAGEOPH)},
number = {V-VII},
pages = {1385--1399},
title = {{A discussion of the chemistry of some minor constituents in the stratosphere and troposphere}},
volume = {106-108},
year = {1973}
}
@article{Dahl2005,
author = {Dahl, Elizabeth E and Yvon-Lewis, Shari A and Saltzman, Eric S},
doi = {10.1029/2005GL023896},
file = {:D$\backslash$:/UEA/ENV-MB4X\_Dissertation/ENV-MB4X\_Dissertation\_references/Dahl, Yvon-Lewis, Saltzman\_2005\_Saturation anomalies of alkyl nitrates in the tropical Pacific Ocean.pdf:pdf},
journal = {Geophysical Research Letters},
number = {L20817},
pages = {1--4},
title = {{Saturation anomalies of alkyl nitrates in the tropical Pacific Ocean}},
volume = {32},
year = {2005}
}
@article{Day2003,
author = {Day, Douglas A and Dillon, Michael B and Wooldridge, Paul J and Thornton, Joel A and Rosen, Rebecca S and Wood, Ezra C and Cohen, Ronald C},
doi = {10.1029/2003JD003685},
file = {:D$\backslash$:/UEA/ENV-MB4X\_Dissertation/ENV-MB4X\_Dissertation\_references/Day et al.\_2003\_On alkyl nitrates, O3, and the “missing NOy”.pdf:pdf},
issn = {0148-0227},
journal = {Journal of Geophysical Research},
number = {D16},
pages = {4501},
title = {{On alkyl nitrates, O3, and the “missing NOy”}},
volume = {108},
year = {2003}
}
@article{Day2002,
author = {Day, Douglas A and Wooldridge, Paul J and Dillon, Michael B and Thornton, Joel A and Cohen, Ronald C},
doi = {10.1029/2001JD000779},
file = {:D$\backslash$:/UEA/ENV-MB4X\_Dissertation/ENV-MB4X\_Dissertation\_references/Day et al.\_2002\_A thermal dissociation laser-induced fluorescence instrument for in situ detection of NO2, peroxy nitrates, alkyl nitrat.pdf:pdf},
isbn = {0747-7309},
issn = {0747-7309},
journal = {Journal of Geophysical Research},
number = {D6},
pages = {4046},
title = {{A thermal dissociation laser-induced fluorescence instrument for in situ detection of NO2, peroxy nitrates, alkyl nitrates, and HNO3}},
volume = {107},
year = {2002}
}
@article{Edwards2013,
author = {Edwards, P M and Evans, Mathew J and Furneaux, K L and Hopkins, James R and Ingham, T and Jones, C and Lee, James D and Lewis, A C and Moller, S J and Stone, D and Whalley, L K and Heard, Dwayne E},
doi = {10.5194/acp-13-9497-2013},
file = {:D$\backslash$:/UEA/ENV-MB4X\_Dissertation/ENV-MB4X\_Dissertation\_references/Edwards et al.\_2013\_OH reactivity in a South East Asian tropical rainforest during the Oxidant and Particle Photochemical Processes (OP3.pdf:pdf},
issn = {1680-7324},
journal = {Atmospheric Chemistry and Physics},
month = sep,
pages = {9497--9514},
title = {{OH reactivity in a South East Asian tropical rainforest during the Oxidant and Particle Photochemical Processes (OP3) project}},
url = {http://www.atmos-chem-phys.net/13/9497/2013/},
volume = {13},
year = {2013}
}
@article{Emmerson2007,
author = {Emmerson, Kathryn M and Carslaw, Nicola and Carslaw, D C and Lee, James D and McFiggans, G and Bloss, William J and Gravestock, Thomas J and Heard, Dwayne E and Hopkins, James R and Ingham, T and Pilling, Michael J and Smith, S C and Jacob, Mark J and Monks, Paul S},
doi = {10.5194/acpd-6-10523-2006},
file = {:D$\backslash$:/UEA/ENV-MB4X\_Dissertation/ENV-MB4X\_Dissertation\_references/Emmerson et al.\_2006\_Free radical modelling studies during the UK TORCH Campaign in Summer 2003.pdf:pdf},
isbn = {1680-7316},
issn = {1680-7324},
journal = {Atmospheric Chemistry and Physics Discussion},
keywords = {TORCH},
mendeley-tags = {TORCH},
pages = {10523--10565},
title = {{Free radical modelling studies during the UK TORCH Campaign in Summer 2003}},
url = {http://eprints.whiterose.ac.uk/49054/},
volume = {6},
year = {2006}
}
@article{Emmerson2009,
author = {Emmerson, Kathryn M and Evans, Mathew J},
file = {:D$\backslash$:/UEA/ENV-MB4X\_Dissertation/ENV-MB4X\_Dissertation\_references/Emmerson, Evans\_2009\_Comparison of tropospheric gas-phase chemistry schemes for use within global models.pdf:pdf},
journal = {Atmospheric Chemistry and Physics},
pages = {1831--1845},
title = {{Comparison of tropospheric gas-phase chemistry schemes for use within global models}},
url = {http://www.atmos-chem-phys.net/9/1831/},
volume = {9},
year = {2009}
}
@misc{Evans2014,
annote = {Invited talk of Mathew John Evans to UEA, 10 Nov 2014},
author = {Evans, Mathew J},
keywords = {bonds,iodine,observations,ozone},
mendeley-tags = {bonds,iodine,observations,ozone},
title = {{Ozone budget, Bonds, iodine and observations - Research Database, The University of York}},
url = {https://pure.york.ac.uk/portal/en/activities/ozone-budget-bonds-iodine-and-observations(1c946c17-3bf1-4881-8704-be1ab202d99e).html},
urldate = {2015-01-24},
year = {2014}
}
@unpublished{Evans2014a,
author = {Evans, Mathew J},
file = {:D$\backslash$:/UEA/ENV-MB4X\_Dissertation/ENV-MB4X\_Dissertation\_references/Mat\&Pete Bonds.pptx:pptx},
title = {{Mat\&Pete Bonds}},
year = {2014}
}
@incollection{Forster2007,
address = {Cambridge, United Kingdom and New York, NY, USA},
author = {Forster, P and Ramaswamy, V and Artaxo, P and Berntsen, T K and Betts, R and Fahey, DW and Haywood, J and Lean, J and Lowe, DC and Myhre, G and Nganga, J and Prinn, Ronald G and Raga, G and Schulz, M and {Van Dorland}, R},
booktitle = {Climate Change 2007: The Physical Science Basis. Contribution of Working Group I to the Fourth Assessment Report of the Intergovernmental Panel on Climate Change},
chapter = {2},
doi = {10.1103/PhysRevB.77.220407},
editor = {Solomon, S and Qin, D and Manning, M and Chen, Z and Marquis, M and Averyt, KB and Tignor, M and Miller, HL},
file = {:D$\backslash$:/UEA/ENV-MB4X\_Dissertation/ENV-MB4X\_Dissertation\_references/Forster et al.\_2007\_Changes in Atmospheric Constituents and in Radiative Forcing.pdf:pdf},
isbn = {9780521880},
issn = {1930529X},
pages = {129--234},
pmid = {20148014},
publisher = {Cambridge University Press},
title = {{Changes in Atmospheric Constituents and in Radiative Forcing}},
url = {http://en.scientificcommons.org/23467316},
year = {2007}
}
@techreport{Fowler2008,
address = {RS1276 ed. London},
author = {Fowler, D and Amann, M and Anderson, R and Ashmore, M and Cox, P and Depledge, M and Derwent, D and Grennfelt, P and Hewitt, N and Hov, O and Jenkin, M E and Kelly, F and Liss, P and Pilling, Michael J and Pyle, J A and Slingo, J and Stevenson, David S},
file = {:D$\backslash$:/UEA/ENV-MB4X\_Dissertation/ENV-MB4X\_Dissertation\_references//Fowler et al.\_2008\_Ground-level ozone in the 21st century future trends, impacts and policy implications.pdf:pdf},
institution = {The Royal Society},
isbn = {9780854037131},
keywords = {Atmospheric Sciences,Ecology and Environment,Science Policy},
number = {Royal Society Policy Document 15/08},
pages = {132},
title = {{Ground-level ozone in the 21st century: future trends, impacts and policy implications}},
url = {http://www.royalsociety.org/Ground-level-ozone-in-the-21st-century-future-trends-impacts-and-policy-implications-/},
year = {2008}
}
@article{Guicherit2000,
author = {Guicherit, Robert and Roemer, Michiel},
doi = {10.1016/S1465-9972(00)00008-8},
file = {:D$\backslash$:/UEA/ENV-MB4X\_Dissertation/ENV-MB4X\_Dissertation\_references/Guicherit, Roemer\_2000\_Tropospheric ozone trends.pdf:pdf},
journal = {Chemosphere - Global Change Science},
keywords = {Emissions,Modelling,Photochemistry,Tropospheric ozone},
number = {2},
pages = {167--183},
title = {{Tropospheric ozone trends}},
volume = {2},
year = {2000}
}
@article{Gysel2007,
author = {Gysel, M and Crosier, J and Topping, D O and Whitehead, J D and Bower, K N and Cubison, M J and Williams, P I and Flynn, M J and McFiggans, G B and Coe, H},
doi = {10.5194/acp-7-6131-2007},
file = {:D$\backslash$:/UEA/ENV-MB4X\_Dissertation/ENV-MB4X\_Dissertation\_references/Gysel et al.\_2007\_Closure study between chemical composition and hygroscopic growth of aerosol particles during TORCH2.pdf:pdf},
isbn = {1680-7316},
issn = {1680-7324},
journal = {Atmospheric Chemistry and Physics},
keywords = {TORCH2},
mendeley-tags = {TORCH2},
pages = {6131--6144},
title = {{Closure study between chemical composition and hygroscopic growth of aerosol particles during TORCH2}},
volume = {7},
year = {2007}
}
@incollection{Hartmann2013,
address = {Cambridge, United Kingdom and New York, NY, USA},
author = {Hartmann, Dennis J and {Klein Tank}, Albert M G and Rusticucci, Matilde and Alexander, Lisa V and Br\"{o}nnimann, Stefan and Charabi, Yassine Abdul-Rahman and Dentener, Frank J and Dlugokencky, Edward J and Easterling, David R and Kaplan, Alexey and Soden, Brian J and Thorne, Peter W and Wild, Martin and Zhai, Panmao},
booktitle = {Climate Change 2013: The Physical Science Basis. Contribution of Working Group I to the Fifth Assessment Report of the Intergovernmental Panel on Climate Change},
chapter = {2},
doi = {10.1017/CBO9781107415324.008},
file = {:D$\backslash$:/UEA/ENV-MB4X\_Dissertation/ENV-MB4X\_Dissertation\_references/Hartmann et al.\_2013\_Observations Atmosphere and Surface.pdf:pdf},
isbn = {ISBN 978-1-107-66182-0},
pages = {159--254},
publisher = {Cambridge University Press},
title = {{Observations: Atmosphere and Surface}},
url = {http://www.climatechange2013.org/report/full-report/},
year = {2013}
}
@article{Heard2006,
author = {Heard, Dwayne E and Read, K A and Methven, John and Al-Haider, S and Bloss, William J and Johnson, G P and Pilling, Michael J and Seakins, P W and Smith, S C and Sommariva, Roberto and Stanton, J C and Still, T J and Ingham, T and Brooks, B and {De Leeuw}, G and Jackson, A V and McQuaid, J B and Morgan, R and Smith, M H and Carpenter, L J and Carslaw, Nicola and Hamilton, Jacqueline F and Hopkins, James R and Lee, James D and Lewis, A C and Purvis, Ruth M and Wevill, D J and Brough, N and Green, T and Mills, G and Penkett, Stuart A and Plane, J M C and Saiz-Lopez, A and Worton, David R and Monks, Paul S and Fleming, Z and Rickard, A R and Alfarra, M R and Allan, J D and Bower, K N and Coe, H and Cubison, M J and Flynn, M J and McFiggans, G B and Gallagher, M and Norton, E G and O'Dowd, C D and Shillito, J and Topping, D O and Vaughan, G and Williams, P I and Bitter, M and Ball, S M and Jones, R L and Povey, I M and O'Doherty, S and Simmonds, P G and Allen, A and Kinnersley, R P and Beddows, D C S and Dall'Osto, M and Harrison, R M and Donovan, R J and Heal, M R and Jennings, S G and Noone, C and Spain, G},
doi = {10.5194/acpd-5-12177-2005},
file = {:D$\backslash$:/UEA/ENV-MB4X\_Dissertation/ENV-MB4X\_Dissertation\_references/Heard et al.\_2006\_The North Atlantic Marine Boundary Layer Experiment (NAMBLEX). Overview of the campaign held at Mace Head, Ireland, in.pdf:pdf},
isbn = {1680-7316},
issn = {1680-7324},
journal = {Atmospheric Chemistry and Physics},
keywords = {NAMBLEX},
mendeley-tags = {NAMBLEX},
pages = {2241--2272},
title = {{The North Atlantic Marine Boundary Layer Experiment (NAMBLEX). Overview of the campaign held at Mace Head, Ireland, in summer 2002}},
url = {http://eprints.whiterose.ac.uk/48640/},
volume = {6},
year = {2006}
}
@article{Heo2012,
author = {Heo, Gookyoung and McDonald-Buller, Elena and Carter, William P L and Yarwood, Greg and Whitten, Gary Z and Allen, David T},
doi = {10.1016/j.atmosenv.2012.05.042},
file = {:D$\backslash$:/UEA/ENV-MB4X\_Dissertation/ENV-MB4X\_Dissertation\_references/Heo et al.\_2012\_Modeling ozone formation from alkene reactions using the Carbon Bond chemical mechanism.pdf:pdf},
issn = {13522310},
journal = {Atmospheric Environment},
keywords = {Alkene,Alkene chemistry,CB05,Chemical mechanism,Ozone},
mendeley-tags = {CB05},
pages = {141--150},
publisher = {Elsevier Ltd},
title = {{Modeling ozone formation from alkene reactions using the Carbon Bond chemical mechanism}},
url = {http://dx.doi.org/10.1016/j.atmosenv.2012.05.042},
volume = {59},
year = {2012}
}
@book{Holloway2010,
author = {Holloway, A M and Wayne, R P},
isbn = {9781847558077},
publisher = {Royal Society of Chemistry},
title = {{Atmospheric Chemistry}},
url = {http://books.google.co.uk/books?id=WI906EYHkb4C},
year = {2010}
}
@article{Isaksen2009,
author = {Isaksen, I S A and Granier, C and Myhre, G and Berntsen, T K and Dals\o ren, S B and Gauss, M and Laj, P and Lohmann, U and Maione, M and Monks, Paul S and Prevot, A S H and Raes, F and Richter, A and Jo, P and Rognerud, B and Schulz, M and Shindell, Drew T and Stevenson, David S and Storelvmo, T and Wang, W-C and van Weele, M and Wild, Martin and Wuebbles, D},
doi = {10.1016/j.atmosenv.2009.08.003},
file = {:D$\backslash$:/UEA/ENV-MB4X\_Dissertation/ENV-MB4X\_Dissertation\_references/Isaksen et al.\_2009\_Atmospheric composition change Climate – Chemistry interactions.pdf:pdf},
issn = {13522310},
journal = {Atmospheric Environment},
keywords = {atmosphere climate chemistry},
number = {33},
pages = {5138--5192},
title = {{Atmospheric composition change: Climate – Chemistry interactions}},
volume = {43},
year = {2009}
}
@book{Jacob1999,
address = {Princeton, New Jersey},
author = {Jacob, Daniel J},
doi = {10.1029/01EO00292},
file = {:D$\backslash$:/BOOKS/Textbooks/Atmospheric Chemistry/Introduction to atmospheric chemistry. Jacob.pdf:pdf},
isbn = {052177800X},
issn = {0096-3941},
pages = {280},
pmid = {14664619},
publisher = {Princeton University Press},
title = {{Introduction to Atmospheric Chemistry}},
year = {1999}
}
@book{Jacobson2005,
author = {Jacobson, M Z},
file = {:D$\backslash$:/BOOKS/Textbooks/Fundamentals Of Atmospheric Modelling. Jacobson.pdf:pdf},
isbn = {9780521839709},
pages = {813},
publisher = {Cambridge University Press},
title = {{Fundamentals of atmospheric modeling}},
url = {http://books.google.com/books?hl=en\&lr=\&id=FrHcZmwj7JQC\&oi=fnd\&pg=PP1\&dq=Fundamentals+of+atmospheric+modeling\&ots=P3C\_Czak1N\&sig=xKJGTfH9ACHAVkWSkeKF0QjA2gk},
year = {2005}
}
@article{Jenkin2008,
author = {Jenkin, M E and Watson, L A and Utembe, S R and Shallcross, D E},
doi = {10.1016/j.atmosenv.2008.07.028},
file = {:D$\backslash$:/UEA/ENV-MB4X\_Dissertation/ENV-MB4X\_Dissertation\_references/Jenkin et al.\_2008\_A Common Representative Intermediates (CRI) mechanism for VOC degradation. Part 1 Gas phase mechanism development.pdf:pdf},
isbn = {1352-2310},
issn = {13522310},
journal = {Atmospheric Environment},
keywords = {CRI,Degradation mechanisms,MCM,Mechanism reduction,Ozone modelling,PTM,Speciated VOC oxidation,Tropospheric chemistry},
mendeley-tags = {CRI,MCM,PTM},
number = {31},
pages = {7185--7195},
title = {{A Common Representative Intermediates (CRI) mechanism for VOC degradation. Part 1: Gas phase mechanism development}},
url = {http://www.sciencedirect.com/science/article/pii/S1352231008006742},
volume = {42},
year = {2008}
}
@article{Kleinman2002,
author = {Kleinman, Lawrence I and Daum, Peter H and Lee, Yin-Nan and Nunnermacker, Linda J and Springston, Stephen R and Weinstein-Lloyd, Judith and Rudolph, Jochen},
doi = {10.1029/2002JD002529},
file = {:D$\backslash$:/UEA/ENV-MB4X\_Dissertation/ENV-MB4X\_Dissertation\_references/Kleinman et al.\_2002\_Ozone production efficiency in an urban area.pdf:pdf},
isbn = {0747-7309},
issn = {0148-0227},
journal = {Journal of Geophysical Research},
number = {D23},
pages = {4733},
title = {{Ozone production efficiency in an urban area}},
volume = {107},
year = {2002}
}
@article{Lamarque2010,
author = {Lamarque, J-F and Bond, T C and Eyring, V and Granier, C and Heil, A and Klimont, Z and Lee, D and Liousse, C and Mieville, A and Owen, B and Schultz, M G and Shindell, Drew T and Smith, S J and Stehfest, E and {Van Aardenne}, J and Cooper, O R and Kainuma, M and Mahowald, N and McConnell, J R and Naik, V and Riahi, K and {Van Vuuren}, D P},
doi = {10.5194/acp-10-7017-2010},
file = {:D$\backslash$:/UEA/ENV-MB4X\_Dissertation/ENV-MB4X\_Dissertation\_references/Lamarque et al.\_2010\_Historical (1850-2000) gridded anthropogenic and biomass burning emissions of reactive gases and aerosols Methodolo.pdf:pdf},
isbn = {1680-7316},
issn = {16807316},
journal = {Atmospheric Chemistry and Physics},
keywords = {CMIP5},
mendeley-tags = {CMIP5},
pages = {7017--7039},
title = {{Historical (1850-2000) gridded anthropogenic and biomass burning emissions of reactive gases and aerosols: Methodology and application}},
volume = {10},
year = {2010}
}
@article{Laube2014,
author = {Laube, Johannes C and Newland, Mike J and Hogan, Christopher and Brenninkmeijer, Carl A M and Fraser, Paul J and Martinerie, Patricia and Oram, David E and Reeves, Claire E and R\"{o}ckmann, Thomas and Schwander, Jakob and Witrant, Emmanuel and Sturges, William T},
doi = {10.1038/NGEO2109},
file = {:D$\backslash$:/UEA/ENV-MB4X\_Dissertation/ENV-MB4X\_Dissertation\_references/Laube et al.\_2014\_Newly detected ozone-depleting substances in the atmosphere.pdf:pdf},
issn = {1752-0894},
journal = {Nature Geoscience},
number = {4},
pages = {266--268},
title = {{Newly detected ozone-depleting substances in the atmosphere}},
volume = {7},
year = {2014}
}
@misc{Lewis2007a,
annote = {Citable as:},
author = {Lewis, A},
keywords = {Crannox,NERC,TORCH},
mendeley-tags = {Crannox,NERC,TORCH},
title = {{Data from UEA: Crannox NOx, O3, NOy at Weybourne Atmospheric Observatory for the Polluted Troposphere NERC Research Programme Project}},
url = {http://catalogue.ceda.ac.uk/uuid/eb00f1550bb17c715df4109149a8070e},
urldate = {2014-11-24},
year = {2007}
}
@misc{Lewis2007,
annote = {Citable as: Natural Environment Research Council; Lewis, A.C.; Watts, L.; Jennings, G. (2007): Collection of Ground-based Atmospheric Components Measurements as part of the Polluted Troposphere, Tropospheric ORganic CHemistry Experiment (TORCH) Data. NCAS British Atmospheric Data Centre, date of citation. http://catalogue.ceda.ac.uk/uuid/201f8dcfce324681b79bc899e9337d99},
author = {Lewis, A},
keywords = {NERC,TORCH},
mendeley-tags = {NERC,TORCH},
title = {{Collection of Ground-based Atmospheric Components Measurements as part of the Polluted Troposphere, Tropospheric ORganic CHemistry Experiment (TORCH) Data}},
url = {http://catalogue.ceda.ac.uk/uuid/201f8dcfce324681b79bc899e9337d99},
urldate = {2014-11-24},
year = {2007}
}
@article{Lewis2007b,
author = {Lewis, A C and Evans, Mathew J and Methven, John and Watson, Nicola and Lee, James D and Hopkins, James R and Purvis, Ruth M and Arnold, S R and McQuaid, J B and Whalley, L K and Pilling, Michael J and Heard, Dwayne E and Monks, Paul S and Parker, A E and Reeves, Claire E and Oram, David E and Mills, G and Bandy, Brian J and Stewart, David J and Coe, H and Williams, P I and Crosier, J},
doi = {10.1029/2006JD007584},
file = {:D$\backslash$:/UEA/ENV-MB4X\_Dissertation/ENV-MB4X\_Dissertation\_references/Lewis et al.\_2007\_Chemical composition observed over the mid-Atlantic and the detection of pollution signatures far from source regions.pdf:pdf},
isbn = {0148-0227},
issn = {01480227},
journal = {Journal of Geophysical Research: Atmospheres},
keywords = {ITOP},
mendeley-tags = {ITOP},
number = {D10S39},
pages = {1--17},
title = {{Chemical composition observed over the mid-Atlantic and the detection of pollution signatures far from source regions}},
volume = {112},
year = {2007}
}
@incollection{Myhre2013,
address = {Cambridge, United Kingdom and New York, NY, USA},
author = {Myhre, G and Shindell, Drew T and Br\'{e}on, F-M and Collins, W J and Fuglestvedt, J and Huang, J and Koch, D and Lamarque, J-F and Lee, D and Mendoza, B and Nakajima, T and Robock, A and Stephens, G and Takemura, T and Zhan, H},
booktitle = {Climate Change 2013: The Physical Science Basis. Contribution of Working Group I to the Fifth Assessment Report of the Intergovernmental Panel on Climate Change},
chapter = {8},
doi = {10.1017/ CBO9781107415324.018},
editor = {Stocker, TF and Qin, D and Plattner, G-K and Tignor, M and Allen, SK and Boschung, J and Nauels, A and Xia, Y and Bex, V and Midgley, PM},
file = {:D$\backslash$:/UEA/ENV-MB4X\_Dissertation/ENV-MB4X\_Dissertation\_references/Myhre et al.\_2013\_Anthropogenic and Natural Radiative Forcing.pdf:pdf},
isbn = {978-1-107-05799-1},
pages = {659--740},
publisher = {Cambridge University Press},
title = {{Anthropogenic and Natural Radiative Forcing}},
year = {2013}
}
@article{Neu2008,
author = {Neu, Jessica L and Lawler, Michael J and Prather, Michael J and Saltzman, Eric S},
doi = {10.1029/2008GL034189},
file = {:D$\backslash$:/UEA/ENV-MB4X\_Dissertation/ENV-MB4X\_Dissertation\_references/Neu et al.\_2008\_Oceanic alkyl nitrates as a natural source of tropospheric ozone.pdf:pdf},
isbn = {0094-8276},
issn = {00948276},
journal = {Geophysical Research Letters},
number = {L13814},
pages = {1--6},
title = {{Oceanic alkyl nitrates as a natural source of tropospheric ozone}},
volume = {35},
year = {2008}
}
@phdthesis{Newland2013,
author = {Newland, Mike J},
file = {:D$\backslash$:/UEA/ENV-MB4X\_Dissertation/ENV-MB4X\_Dissertation\_references/Newland\_2013\_Long term trends of halogenated trace gases , hydrocarbons , alkyl nitrates and of the oxidative capacity of the atmosphere.pdf:pdf},
pages = {275},
school = {University of East Anglia},
title = {{Long term trends of halogenated trace gases , hydrocarbons , alkyl nitrates and of the oxidative capacity of the atmosphere}},
year = {2013}
}
@article{Ozbay2011,
author = {\"{O}zbay, Bilge and Keskin, G\"{u}lşen Aydin and Doǧruparmak, Şenay \c{C}etin and Ayberk, Savaş},
doi = {10.1016/j.atmosres.2011.06.005},
file = {:D$\backslash$:/UEA/ENV-MB4X\_Dissertation/ENV-MB4X\_Dissertation\_references/\"{O}zbay et al.\_2011\_Multivariate methods for ground-level ozone modeling.pdf:pdf},
issn = {01698095},
journal = {Atmospheric Research},
keywords = {Kocaeli,Multiple regression analysis,Ozone,Principle component analysis,Statistical analysis},
number = {1-2},
pages = {57--65},
title = {{Multivariate methods for ground-level ozone modeling}},
volume = {102},
year = {2011}
}
@article{Ozbay2011a,
author = {\"{O}zbay, Bilge and Keskin, G\"{u}lşen Aydın and Doğruparmak, Şenay \c{C}etin and Ayberk, Savaş},
doi = {10.1016/j.ecoinf.2011.03.003},
file = {:D$\backslash$:/UEA/ENV-MB4X\_Dissertation/ENV-MB4X\_Dissertation\_references/\"{O}zbay et al.\_2011\_Predicting tropospheric ozone concentrations in different temporal scales by using multilayer perceptron models.pdf:pdf},
issn = {15749541},
journal = {Ecological Informatics},
keywords = {tropospheric ozone concentration},
number = {3-4},
pages = {242--247},
title = {{Predicting tropospheric ozone concentrations in different temporal scales by using multilayer perceptron models}},
volume = {6},
year = {2011}
}
@article{Parrish2014,
author = {Parrish, D D and Lamarque, J-F and Naik, V and Horowitz, L W and Shindell, Drew T and Staehelin, J and Derwent, R G and Cooper, O R and Tanimoto, H and Volz-Thomas, A and Gilge, S and Scheel, H-E and Steinbacher, M and Fr\"{o}hlich, M},
doi = {10.1002/2013JD021435},
file = {:D$\backslash$:/UEA/ENV-MB4X\_Dissertation/ENV-MB4X\_Dissertation\_references/Parrish et al.\_2014\_Long-term changes in lower tropospheric baseline ozone concentrations Comparing chemistry-climate models and observa.pdf:pdf},
journal = {Journal of Geophysical Research: Atmospheres},
number = {9},
pages = {5719--5736},
title = {{Long-term changes in lower tropospheric baseline ozone concentrations: Comparing chemistry-climate models and observations at northern midlatitudes}},
volume = {119},
year = {2014}
}
@article{Prinn2003,
author = {Prinn, Ronald G},
doi = {10.1146/annurev.energy.28.011503.163425},
file = {:D$\backslash$:/UEA/ENV-MB4X\_Dissertation/ENV-MB4X\_Dissertation\_references/Prinn\_2003\_The Cleansing Capacity of the Atmosphere.pdf:pdf},
journal = {Annual Review of Environment and Resources},
keywords = {atmospheric oxidation,hydroxyl free radical,trace gases,troposphere},
pages = {29--57},
title = {{The Cleansing Capacity of the Atmosphere}},
url = {http://www.annualreviews.org/doi/abs/10.1146/annurev.energy.28.011503.163425},
volume = {28},
year = {2003}
}
@unpublished{Reeves2014,
author = {Reeves, Claire E},
file = {:D$\backslash$:/UEA/ENV-MB4X\_Dissertation/ENV-MB4X\_Dissertation\_references/OXBUDS Description of Research.docx:docx},
title = {{OXBUDS Description of Research}},
year = {2014}
}
@misc{Reeves2014a,
author = {Reeves, Claire E},
file = {:D$\backslash$:/UEA/ENV-5015A\_AtmChemGlobalChange/ENV-5015A\_lectures/ENV-5015A Lecture 10 - Tropospheric ozone, impact of NOx and VOCs.pdf:pdf},
title = {{Tropospheric Ozone, Impact of NOx and VOCs}},
url = {https://learn.uea.ac.uk/bbcswebdav/pid-1297622-dt-content-rid-1702652\_1/courses/ENV-5015A-14/141022 Lecture 10 - Tropospheric Ozone, Impact of NOx and VOCs.pdf},
year = {2014}
}
@article{Reeves2003,
author = {Reeves, Claire E and Penkett, Stuart A},
doi = {10.1021/cr0205053},
file = {:D$\backslash$:/UEA/ENV-MB4X\_Dissertation/ENV-MB4X\_Dissertation\_references/Reeves, Penkett\_2003\_Measurements of Peroxides and What They Tell Us.pdf:pdf},
journal = {Chemical Reviews},
pages = {5199--5218},
title = {{Measurements of Peroxides and What They Tell Us}},
volume = {103},
year = {2003}
}
@article{Reeves2007,
author = {Reeves, Claire E and Slemr, Jana and Oram, David E and Worton, David R and Penkett, Stuart A and Stewart, David J and Purvis, Ruth M and Watson, Nicola and Hopkins, Jim and Lewis, Ally and Methven, John and Blake, Donald R and Atlas, Elliot},
doi = {10.1029/2006JD007567},
file = {:D$\backslash$:/UEA/ENV-MB4X\_Dissertation/ENV-MB4X\_Dissertation\_references/Reeves et al.\_2007\_Alkyl nitrates in outflow from North America over the North Atlantic during Intercontinental Transport of Ozone and P.pdf:pdf},
journal = {Journal of Geophysical Research},
keywords = {ITOP},
mendeley-tags = {ITOP},
number = {D10S37},
pages = {1--21},
title = {{Alkyl nitrates in outflow from North America over the North Atlantic during Intercontinental Transport of Ozone and Precursors 2004}},
volume = {112},
year = {2007}
}
@article{Roberts1990,
author = {Roberts, James M},
doi = {10.1016/0960-1686(90)90108-Y},
file = {:D$\backslash$:/UEA/ENV-MB4X\_Dissertation/ENV-MB4X\_Dissertation\_references/Roberts\_1990\_The atmospheric chemistry of organic nitrates.pdf:pdf},
journal = {Atmospheric Environment},
keywords = {alkyl nitrates,atmospheric chemistry,index,peroxycarboxylic nitric anhydrides},
number = {2},
pages = {243--287},
title = {{The atmospheric chemistry of organic nitrates}},
volume = {24A},
year = {1990}
}
@article{Roberts1998,
author = {Roberts, James M and Bertman, Steven B and Parrish, David D and Fehsenfeld, Fredrick C and Jobson, B Thomas and Niki, Hiromi},
doi = {10.1029/98JD00266},
file = {:D$\backslash$:/UEA/ENV-MB4X\_Dissertation/ENV-MB4X\_Dissertation\_references/Roberts et al.\_1998\_Measurement of alkyl nitrates at Chebogue Point, Nova Scotia during the 1993 North Atlantic Regional Experiment (NAR.pdf:pdf},
isbn = {0747-7309},
issn = {0148-0227},
journal = {Journal of Geophysical Research},
number = {D11},
pages = {13569--13580},
title = {{Measurement of alkyl nitrates at Chebogue Point, Nova Scotia during the 1993 North Atlantic Regional Experiment (NARE) intensive}},
volume = {103},
year = {1998}
}
@article{Saunders2003,
author = {Saunders, S M and Jenkin, M E and Derwent, R G and Pilling, Michael J},
file = {:D$\backslash$:/UEA/ENV-MB4X\_Dissertation/ENV-MB4X\_Dissertation\_references/Saunders et al.\_2003\_Protocol for the development of the Master ChemicalMechanism, MCMv3 (Part A) tropospheric degradation of non-aromat.pdf:pdf},
journal = {Atmospheric Chemistry and Physics},
pages = {161--180},
title = {{Protocol for the development of the Master ChemicalMechanism, MCMv3 (Part A): tropospheric degradation of non-aromatic volatile organic compounds}},
volume = {3},
year = {2003}
}
@article{Simpson2003,
author = {Simpson, Isobel J and Blake, Nicola J and Blake, Donald R and Atlas, Elliot and Flocke, Frank and Crawford, James H and Fuelberg, Henry E and Kiley, Christopher M and Meinardi, Simone and Rowland, F Sherwood},
doi = {10.1029/2002JD002830},
file = {:D$\backslash$:/UEA/ENV-MB4X\_Dissertation/ENV-MB4X\_Dissertation\_references/Simpson et al.\_2003\_Photochemical production and evolution of selected C2–C5 alkyl nitrates in tropospheric air influenced by Asian outf.pdf:pdf},
journal = {Journal of Geophysical Research},
number = {D20},
pages = {8808},
title = {{Photochemical production and evolution of selected C2–C5 alkyl nitrates in tropospheric air influenced by Asian outflow}},
volume = {108},
year = {2003}
}
@article{Simpson2002,
author = {Simpson, Isobel J and Meinardi, Simone and Blake, Donald R and Blake, Nicola J and Rowland, F Sherwood},
doi = {10.1029/2002GL016290},
file = {:D$\backslash$:/UEA/ENV-MB4X\_Dissertation/ENV-MB4X\_Dissertation\_references/Simpson et al.\_2002\_A biomass burning source of C1–C4 alkyl nitrates.pdf:pdf},
journal = {Geophysical Research Letters},
number = {24},
pages = {2168},
title = {{A biomass burning source of C1–C4 alkyl nitrates}},
volume = {29},
year = {2002}
}
@article{Simpson2006,
author = {Simpson, Isobel J and Wang, Tao and Guo, Hai and Kwok, Y H and Flocke, Frank and Atlas, Elliot and Meinardi, Simone and Rowland, F Sherwood and Blake, Donald R},
doi = {10.1016/j.atmosenv.2005.10.062},
file = {:D$\backslash$:/UEA/ENV-MB4X\_Dissertation/ENV-MB4X\_Dissertation\_references/Simpson et al.\_2006\_Long-term atmospheric measurements of C1-C5 alkyl nitrates in the Pearl River Delta region of southeast China.pdf:pdf},
journal = {Atmospheric Environment},
keywords = {Alkyl nitrates,China,Ozone,Photochemistry,Urban pollution},
number = {9},
pages = {1619--1632},
title = {{Long-term atmospheric measurements of C1-C5 alkyl nitrates in the Pearl River Delta region of southeast China}},
volume = {40},
year = {2006}
}
@article{Stevenson2006,
author = {Stevenson, David S and Dentener, Frank J and Schultz, M G and Ellingsen, K and van Noije, T P C and Wild, Oliver and Zeng, G and Amann, M and Atherton, C S and Bell, N and Bergmann, D J and Bey, I and Butler, T and Cofala, J and Collins, W J and Derwent, R G and Doherty, R M and Drevet, J and Eskes, H J and Fiore, A M and Gauss, M and Hauglustaine, D A and Horowitz, L W and Isaksen, I S A and Krol, M C and Lamarque, J-F and Lawrence, M G and Montanaro, V and M\"{u}ller, J F and Pitari, G and Prather, Michael J and Pyle, J A and Rast, S and Rodriquez, J M and Sanderson, M G and Savage, N H and Shindell, Drew T and Strahan, S E and Sudo, K and Szopa, S},
doi = {10.1029/2005JD006338},
file = {:D$\backslash$:/UEA/ENV-MB4X\_Dissertation/ENV-MB4X\_Dissertation\_references/Stevenson et al.\_2006\_Multimodel ensemble simulations of present-day and near-future tropospheric ozone.pdf:pdf},
journal = {Journal of Geophysical Research},
number = {D08301},
pages = {1--23},
title = {{Multimodel ensemble simulations of present-day and near-future tropospheric ozone}},
volume = {111},
year = {2006}
}
@article{Stroud2001,
author = {Stroud, Craig A and Roberts, James M and Williams, Jonathan and Goldan, Paul D and Kuster, William C and Ryerson, Thomas B and Sueper, Donna and Parrish, David D and Trainer, Michael and Fehsenfeld, Frederick C and Flocke, Frank and Schauffler, Sue M and Stroud, Verity R F and Atlas, Elliot},
doi = {10.1029/2000JD000003},
file = {:D$\backslash$:/UEA/ENV-MB4X\_Dissertation/ENV-MB4X\_Dissertation\_references/Stroud et al.\_2001\_Alkyl nitrate measurements during STERAO 1996 and NARE 1997 Intercomparison and survey of results.pdf:pdf},
journal = {Journal of Geophysical Research},
number = {D19},
pages = {23043--23053},
title = {{Alkyl nitrate measurements during STERAO 1996 and NARE 1997: Intercomparison and survey of results}},
volume = {106},
year = {2001}
}
@book{Swackhamer1993,
address = {Washington, D.C.},
author = {Swackhamer, Deborah L.},
file = {:D$\backslash$:/UEA/ENV-MB4X\_Dissertation/ENV-MB4X\_Dissertation\_references/Swackhamer\_1991\_Rethinking the Ozone Problem in Urban and Regional Air Pollution.pdf:pdf},
isbn = {0-309-04631-9},
pages = {1--500},
publisher = {National Academy Press},
title = {{Rethinking the Ozone Problem in Urban and Regional Air Pollution}},
year = {1991}
}
@article{Talukdar1997,
author = {Talukdar, Ranajit K and Talukdar, Ranajit K and Burkholder, James B and Burkholder, James B and Hunter, Martin and Hunter, Martin and Gilles, Mary K and Gilles, Mary K and Roberts, James M and Roberts, James M and Ravishankara, a R and Ravishankara, a R},
file = {:D$\backslash$:/UEA/ENV-MB4X\_Dissertation/ENV-MB4X\_Dissertation\_references/Talukdar et al.\_1997\_Atmospheric fate of several alkyl nitrates.pdf:pdf},
journal = {Journal of the Chemical Society, Faraday Transactions},
number = {16},
pages = {2797--2805},
title = {{Atmospheric fate of several alkyl nitrates}},
volume = {93},
year = {1997}
}
@article{Tarasick2008,
author = {Tarasick, D W and Slater, R},
doi = {10.3137/ao.460105},
file = {:D$\backslash$:/UEA/ENV-MB4X\_Dissertation/ENV-MB4X\_Dissertation\_references/Tarasick, Slater\_2008\_Ozone in the troposphere Measurements, climatology, budget, and trends.pdf:pdf},
journal = {Atmosphere-Ocean},
number = {1},
pages = {93--115},
title = {{Ozone in the troposphere: Measurements, climatology, budget, and trends}},
volume = {46},
year = {2008}
}
@article{Thompson1992,
author = {Thompson, Anne M},
doi = {10.1126/science.256.5060.1157},
file = {:D$\backslash$:/UEA/ENV-MB4X\_Dissertation/ENV-MB4X\_Dissertation\_references/Thompson\_1992\_The oxidizing capacity of the earth's atmosphere probable past and future changes.pdf:pdf},
journal = {Science},
number = {5060},
pages = {1157--1165},
title = {{The oxidizing capacity of the earth's atmosphere: probable past and future changes.}},
volume = {256},
year = {1992}
}
@article{Turberg1990,
author = {Turberg, MP and Giolando, DM and Tilt, C and Soper, T and Mason, S and Davies, M and Klingensmith, P and Takacs, GA},
doi = {10.1016/1010-6030(90)87063-H},
file = {:D$\backslash$:/UEA/ENV-MB4X\_Dissertation/ENV-MB4X\_Dissertation\_references/Turberg et al.\_1990\_Atmospheric photochemistry of alkyl nitrates.pdf:pdf},
journal = {Journal of Photochemistry and Photobiology A: Chemistry},
pages = {281--292},
title = {{Atmospheric photochemistry of alkyl nitrates}},
volume = {51},
year = {1990}
}
@article{Vingarzan2004,
author = {Vingarzan, Roxanne},
doi = {10.1016/j.atmosenv.2004.03.030},
file = {:D$\backslash$:/UEA/ENV-MB4X\_Dissertation/ENV-MB4X\_Dissertation\_references/Vingarzan\_2004\_A review of surface ozone background levels and trends.pdf:pdf},
journal = {Atmospheric Environment},
keywords = {Background ozone,Ozone projections,Ozone trends,Spring maximum,Tropospheric ozone},
number = {21},
pages = {3431--3442},
title = {{A review of surface ozone background levels and trends}},
volume = {38},
year = {2004}
}
@article{Volz1988,
author = {Volz, Andreas and Kley, Dieter},
doi = {10.1038/332240a0},
file = {:D$\backslash$:/UEA/ENV-MB4X\_Dissertation/ENV-MB4X\_Dissertation\_references/Volz, Kley\_1988\_Evaluation of the Montsouris series of ozone measurements made in the nineteenth century.pdf:pdf},
journal = {Nature},
number = {17},
pages = {240--242},
title = {{Evaluation of the Montsouris series of ozone measurements made in the nineteenth century}},
volume = {332},
year = {1988}
}
@article{Whitten2010,
author = {Whitten, Gary Z and Heo, Gookyoung and Kimura, Yosuke and McDonald-Buller, Elena and Allen, David T and Carter, William P L and Yarwood, Greg},
doi = {10.1016/j.atmosenv.2009.12.029},
file = {:D$\backslash$:/UEA/ENV-MB4X\_Dissertation/ENV-MB4X\_Dissertation\_references/Whitten et al.\_2010\_A new condensed toluene mechanism for Carbon Bond CB05-TU.pdf:pdf},
journal = {Atmospheric Environment},
keywords = {Carbon Bond,Chemical mechanism,Mechanism evaluation,Ozone,Toluene},
number = {40},
pages = {5346--5355},
title = {{A new condensed toluene mechanism for Carbon Bond: CB05-TU}},
url = {http://dx.doi.org/10.1016/j.atmosenv.2009.12.029},
volume = {44},
year = {2010}
}
@article{Wild2007,
author = {Wild, Oliver},
doi = {10.5194/acp-7-2643-2007},
file = {:D$\backslash$:/UEA/ENV-MB4X\_Dissertation/ENV-MB4X\_Dissertation\_references/Wild\_2007\_Modelling the global tropospheric ozone budget exploring the variability in current models.pdf:pdf},
journal = {Atmospheric Chemistry and Physics},
pages = {2643--2660},
title = {{Modelling the global tropospheric ozone budget : exploring the variability in current models}},
url = {http://www.atmos-chem-phys.net/7/2643/2007/acp-7-2643-2007.html},
volume = {7},
year = {2007}
}
@phdthesis{Worton2005,
author = {Worton, David R},
file = {:D$\backslash$:/UEA/ENV-MB4X\_Dissertation/ENV-MB4X\_Dissertation\_references/Worton\_2005\_Alkyl nitrates (C1-C5), trihalomethanes and related compounds in contemporary air and air preserved in polar firn and ice.pdf:pdf},
pages = {346},
school = {University of East Anglia},
title = {{Alkyl nitrates (C1-C5), trihalomethanes and related compounds in contemporary air and air preserved in polar firn and ice}},
year = {2005}
}
@article{Worton2010,
author = {Worton, David R and Reeves, Claire E and Penkett, Stuart A and Sturges, William T and Slemr, Jana and Oram, David E and Bandy, Brian J and Bloss, William J and Carslaw, Nicola and Davey, James and Emmerson, Kathryn M and Gravestock, Thomas J and Hamilton, Jacqueline F and Heard, Dwayne E and Hopkins, James R and Hulse, Anne and Ingram, Trevor and Jacob, Mark J and Lee, James D and Leigh, Roland J and Lewis, Alastair C and Monks, Paul S and Smith, Shona C},
doi = {10.1016/j.atmosenv.2009.11.038},
file = {:D$\backslash$:/UEA/ENV-MB4X\_Dissertation/ENV-MB4X\_Dissertation\_references/Worton et al.\_2010\_Alkyl nitrate photochemistry during the tropospheric organic chemistry experiment.pdf:pdf},
journal = {Atmospheric Environment},
number = {6},
pages = {773--785},
title = {{Alkyl nitrate photochemistry during the tropospheric organic chemistry experiment}},
url = {http://linkinghub.elsevier.com/retrieve/pii/S1352231009009923},
volume = {44},
year = {2010}
}
@article{Worton2012,
author = {Worton, David R and Sturges, William T and Reeves, Claire E and Newland, Mike J and Penkett, Stuart A and Atlas, Elliot and Stroud, Verity R F and Johnson, Kristen and Schmidbauer, Norbert and Solberg, Sverre and Schwander, Jakob and Barnola, Jean-Marc},
doi = {10.1016/j.atmosenv.2012.02.084},
file = {:D$\backslash$:/UEA/ENV-MB4X\_Dissertation/ENV-MB4X\_Dissertation\_references/Worton et al.\_2012\_Evidence from firn air for recent decreases in non-methane hydrocarbons and a 20th century increase in nitrogen oxide.pdf:pdf},
journal = {Atmospheric Environment},
pages = {592--602},
title = {{Evidence from firn air for recent decreases in non-methane hydrocarbons and a 20th century increase in nitrogen oxides in the northern hemisphere}},
url = {http://linkinghub.elsevier.com/retrieve/pii/S1352231012002221},
volume = {54},
year = {2012}
}
@article{Young2012,
author = {Young, P J and Archibald, A T and Bowman, K W and Lamarque, J-F and Naik, V and Stevenson, David S and Tilmes, S and Voulgarakis, A and Wild, O and Bergmann, D J and Cameron-Smith, P and Cionni, I and Collins, W J and Dals\o ren, S B and Doherty, R M and Eyring, V and Faluvegi, G and Horowitz, L W and Josse, B and Lee, Y H and MacKenzie, I A and Nagashima, T and Plummer, D A and Righi, M and Rumbold, S T and Skeie, R B and Shindell, Drew T and Strode, S A and Sudo, K and Szopa, S and Zeng, G},
doi = {10.5194/acp-13-2063-2013},
file = {:D$\backslash$:/UEA/ENV-MB4X\_Dissertation/ENV-MB4X\_Dissertation\_references/Young et al.\_2013\_Pre-industrial to end 21st century projections of tropospheric ozone from the Atmospheric Chemistry and Climate Model.pdf:pdf},
journal = {Atmospheric Chemistry and Physics},
keywords = {ACCMIP},
mendeley-tags = {ACCMIP},
pages = {2063--2090},
title = {{Pre-industrial to end 21st century projections of tropospheric ozone from the Atmospheric Chemistry and Climate Model Intercomparison Project (ACCMIP)}},
volume = {13},
year = {2013}
}
@misc{,
title = {{The Ozone Hole Questions and Answers About the Ozone Layer}},
url = {http://www.theozonehole.com/twenty.htm},
urldate = {2015-03-03}
}
